<record><leader>00000cas a22000007a 4500</leader><controlfield tag="001">13689336</controlfield><controlfield tag="008">860605d18721872mtuwr ne      0    0eng d</controlfield><datafield ind1=" " ind2=" " tag="010"><subfield code="a">sn 86075215 </subfield></datafield><datafield ind1=" " ind2=" " tag="040"><subfield code="a">MTL</subfield><subfield code="b">eng</subfield><subfield code="c">MTL</subfield><subfield code="d">OCLCQ</subfield></datafield><datafield ind1=" " ind2=" " tag="042"><subfield code="a">msc</subfield></datafield><datafield ind1="0" ind2=" " tag="130"><subfield code="a">Rocky Mountain gazette (Helena, Mont. : 1872 : Weekly)</subfield></datafield><datafield ind1="1" ind2="0" tag="245"><subfield code="a">Rocky Mountain gazette.</subfield></datafield><datafield ind1=" " ind2=" " tag="260"><subfield code="a">Helena, Mont. :</subfield><subfield code="b">Wilkinson &amp; Ronan,</subfield><subfield code="c">1872.</subfield></datafield><datafield ind1=" " ind2=" " tag="300"><subfield code="a">1 v. ;</subfield><subfield code="c">61 cm.</subfield></datafield><datafield ind1=" " ind2=" " tag="310"><subfield code="a">Weekly</subfield></datafield><datafield ind1="0" ind2=" " tag="362"><subfield code="a">Vol. 7 (Sept. 2, 1872)-v. 7, no. 16 (Dec. 24, 1872).</subfield></datafield><datafield ind1=" " ind2=" " tag="500"><subfield code="a">"A paper for the miner, farmer, mechanic, merchant and the family circle."</subfield></datafield><datafield ind1=" " ind2=" " tag="580"><subfield code="a">Other edition available: Daily Rocky Mountain gazette.</subfield></datafield><datafield ind1=" " ind2=" " tag="752"><subfield code="a">United States</subfield><subfield code="b">Montana</subfield><subfield code="c">Lewis and Clark</subfield><subfield code="d">Helena.</subfield></datafield><datafield ind1="1" ind2=" " tag="775"><subfield code="t">Daily Rocky Mountain gazette</subfield><subfield code="w">(DLC)sn 85042384</subfield></datafield><datafield ind1="0" ind2="0" tag="780"><subfield code="t">Rocky Mountain weekly gazette</subfield><subfield code="w">(DLC)sn 86075214</subfield></datafield><datafield ind1="0" ind2="0" tag="785"><subfield code="t">Weekly Rocky Mountain gazette</subfield><subfield code="w">(DLC)sn 84027512</subfield></datafield></record>